@ARTICLE{madau96,
   author = {{Madau}, P. and {Ferguson}, H.~C. and {Dickinson}, M.~E. and 
	{Giavalisco}, M. and {Steidel}, C.~C. and {Fruchter}, A.},
    title = "{High-redshift galaxies in the Hubble Deep Field: colour selection and star formation history to z\~{}4}",
  journal = {\mnras},
   eprint = {astro-ph/9607172},
 keywords = {STARS: FORMATION, GALAXIES: EVOLUTION, INTERGALACTIC MEDIUM, QUASARS: ABSORPTION LINES, COSMOLOGY: OBSERVATIONS, ULTRAVIOLET: GALAXIES},
     year = 1996,
    month = dec,
   volume = 283,
    pages = {1388-1404},
   adsurl = {http://ads.nao.ac.jp/abs/1996MNRAS.283.1388M},
  adsnote = {Provided by the SAO/NASA Astrophysics Data System}
}

@ARTICLE{lilly96,
   author = {{Lilly}, S.~J. and {Le Fevre}, O. and {Hammer}, F. and {Crampton}, D.
	},
    title = "{The Canada-France Redshift Survey: The Luminosity Density and Star Formation History of the Universe to Z approximately 1}",
  journal = {\apjl},
   eprint = {astro-ph/9601050},
 keywords = {GALAXIES: EVOLUTION, COSMOLOGY: OBSERVATIONS},
     year = 1996,
    month = mar,
   volume = 460,
    pages = {L1},
      doi = {10.1086/309975},
   adsurl = {http://ads.nao.ac.jp/abs/1996ApJ...460L...1L},
  adsnote = {Provided by the SAO/NASA Astrophysics Data System}
}

@ARTICLE{hopkins06,
   author = {{Hopkins}, A.~M. and {Beacom}, J.~F.},
    title = "{On the Normalization of the Cosmic Star Formation History}",
  journal = {\apj},
   eprint = {astro-ph/0601463},
 keywords = {Galaxies: Evolution, Galaxies: Formation, Galaxies: Starburst, Neutrinos, Stars: Supernovae: General},
     year = 2006,
    month = nov,
   volume = 651,
    pages = {142-154},
      doi = {10.1086/506610},
   adsurl = {http://ads.nao.ac.jp/abs/2006ApJ...651..142H},
  adsnote = {Provided by the SAO/NASA Astrophysics Data System}
}

@ARTICLE{Brinchmann04,
   author = {{Brinchmann}, J. and {Charlot}, S. and {White}, S.~D.~M. and 
	{Tremonti}, C. and {Kauffmann}, G. and {Heckman}, T. and {Brinkmann}, J.
	},
    title = "{The physical properties of star-forming galaxies in the low-redshift Universe}",
  journal = {\mnras},
   eprint = {astro-ph/0311060},
 keywords = {surveys, galaxies: abundances, galaxies: evolution, galaxies: fundamental parameters, galaxies: general},
     year = 2004,
    month = jul,
   volume = 351,
    pages = {1151-1179},
      doi = {10.1111/j.1365-2966.2004.07881.x},
   adsurl = {http://ads.nao.ac.jp/abs/2004MNRAS.351.1151B},
  adsnote = {Provided by the SAO/NASA Astrophysics Data System}
}

@ARTICLE{elbaz07,
   author = {{Elbaz}, D. and {Daddi}, E. and {Le Borgne}, D. and {Dickinson}, M. and 
	{Alexander}, D.~M. and {Chary}, R.-R. and {Starck}, J.-L. and 
	{Brandt}, W.~N. and {Kitzbichler}, M. and {MacDonald}, E. and 
	{Nonino}, M. and {Popesso}, P. and {Stern}, D. and {Vanzella}, E.
	},
    title = "{The reversal of the star formation-density relation in the distant universe}",
  journal = {\aap},
   eprint = {astro-ph/0703653},
 keywords = {cosmology: observations, Galaxy: formation, Galaxy: evolution, galaxies: starburst, infrared: galaxies, cosmology: large-scale structure of Universe},
     year = 2007,
    month = jun,
   volume = 468,
    pages = {33-48},
      doi = {10.1051/0004-6361:20077525},
   adsurl = {http://ads.nao.ac.jp/abs/2007A%26A...468...33E},
  adsnote = {Provided by the SAO/NASA Astrophysics Data System}
}

@ARTICLE{daddi07,
   author = {{Daddi}, E. and {Dickinson}, M. and {Morrison}, G. and {Chary}, R. and 
	{Cimatti}, A. and {Elbaz}, D. and {Frayer}, D. and {Renzini}, A. and 
	{Pope}, A. and {Alexander}, D.~M. and {Bauer}, F.~E. and {Giavalisco}, M. and 
	{Huynh}, M. and {Kurk}, J. and {Mignoli}, M.},
    title = "{Multiwavelength Study of Massive Galaxies at z\~{}2. I. Star Formation and Galaxy Growth}",
  journal = {\apj},
archivePrefix = "arXiv",
   eprint = {0705.2831},
 keywords = {Cosmology: Observations, Galaxies: Evolution, Galaxies: Formation, Galaxies: High-Redshift, Galaxies: Starburst},
     year = 2007,
    month = nov,
   volume = 670,
    pages = {156-172},
      doi = {10.1086/521818},
   adsurl = {http://ads.nao.ac.jp/abs/2007ApJ...670..156D},
  adsnote = {Provided by the SAO/NASA Astrophysics Data System}
}

@ARTICLE{whitaker12,
   author = {{Whitaker}, K.~E. and {van Dokkum}, P.~G. and {Brammer}, G. and 
	{Franx}, M.},
    title = "{The Star Formation Mass Sequence Out to z = 2.5}",
  journal = {\apjl},
archivePrefix = "arXiv",
   eprint = {1205.0547},
 primaryClass = "astro-ph.CO",
 keywords = {galaxies: evolution, galaxies: formation, galaxies: high-redshift},
     year = 2012,
    month = aug,
   volume = 754,
      eid = {L29},
    pages = {L29},
      doi = {10.1088/2041-8205/754/2/L29},
   adsurl = {http://ads.nao.ac.jp/abs/2012ApJ...754L..29W},
  adsnote = {Provided by the SAO/NASA Astrophysics Data System}
}

@ARTICLE{wuyts11,
   author = {{Wuyts}, S. and {F{\"o}rster Schreiber}, N.~M. and {Lutz}, D. and 
	{Nordon}, R. and {Berta}, S. and {Altieri}, B. and {Andreani}, P. and 
	{Aussel}, H. and {Bongiovanni}, A. and {Cepa}, J. and {Cimatti}, A. and 
	{Daddi}, E. and {Elbaz}, D. and {Genzel}, R. and {Koekemoer}, A.~M. and 
	{Magnelli}, B. and {Maiolino}, R. and {McGrath}, E.~J. and {P{\'e}rez Garc{\'{\i}}a}, A. and 
	{Poglitsch}, A. and {Popesso}, P. and {Pozzi}, F. and {Sanchez-Portal}, M. and 
	{Sturm}, E. and {Tacconi}, L. and {Valtchanov}, I.},
    title = "{On Star Formation Rates and Star Formation Histories of Galaxies Out to z \~{} 3}",
  journal = {\apj},
archivePrefix = "arXiv",
   eprint = {1106.5502},
 primaryClass = "astro-ph.CO",
 keywords = {galaxies: high-redshift, galaxies: stellar content},
     year = 2011,
    month = sep,
   volume = 738,
      eid = {106},
    pages = {106},
      doi = {10.1088/0004-637X/738/1/106},
   adsurl = {http://ads.nao.ac.jp/abs/2011ApJ...738..106W},
  adsnote = {Provided by the SAO/NASA Astrophysics Data System}
}

@ARTICLE{dressler1980,
   author = {{Dressler}, A.},
    title = "{Galaxy morphology in rich clusters - Implications for the formation and evolution of galaxies}",
  journal = {\apj},
 keywords = {Elliptical Galaxies, Galactic Clusters, Galactic Evolution, Galactic Structure, Spiral Galaxies, Astronomical Maps, Density Distribution, Interstellar Gas, Telescopes, Universe, X Ray Astronomy},
     year = 1980,
    month = mar,
   volume = 236,
    pages = {351-365},
      doi = {10.1086/157753},
   adsurl = {http://ads.nao.ac.jp/abs/1980ApJ...236..351D},
  adsnote = {Provided by the SAO/NASA Astrophysics Data System}
}

@ARTICLE{lewis2002,
   author = {{Lewis}, I. and {Balogh}, M. and {De Propris}, R. and {Couch}, W. and 
	{Bower}, R. and {Offer}, A. and {Bland-Hawthorn}, J. and {Baldry}, I.~K. and 
	{Baugh}, C. and {Bridges}, T. and {Cannon}, R. and {Cole}, S. and 
	{Colless}, M. and {Collins}, C. and {Cross}, N. and {Dalton}, G. and 
	{Driver}, S.~P. and {Efstathiou}, G. and {Ellis}, R.~S. and 
	{Frenk}, C.~S. and {Glazebrook}, K. and {Hawkins}, E. and {Jackson}, C. and 
	{Lahav}, O. and {Lumsden}, S. and {Maddox}, S. and {Madgwick}, D. and 
	{Norberg}, P. and {Peacock}, J.~A. and {Percival}, W. and {Peterson}, B.~A. and 
	{Sutherland}, W. and {Taylor}, K.},
    title = "{The 2dF Galaxy Redshift Survey: the environmental dependence of galaxy star formation rates near clusters}",
  journal = {\mnras},
   eprint = {astro-ph/0203336},
 keywords = {galaxies: clusters: general},
     year = 2002,
    month = aug,
   volume = 334,
    pages = {673-683},
      doi = {10.1046/j.1365-8711.2002.05558.x},
   adsurl = {http://ads.nao.ac.jp/abs/2002MNRAS.334..673L},
  adsnote = {Provided by the SAO/NASA Astrophysics Data System}
}

@ARTICLE{gomez2003,
   author = {{G{\'o}mez}, P.~L. and {Nichol}, R.~C. and {Miller}, C.~J. and 
	{Balogh}, M.~L. and {Goto}, T. and {Zabludoff}, A.~I. and {Romer}, A.~K. and 
	{Bernardi}, M. and {Sheth}, R. and {Hopkins}, A.~M. and {Castander}, F.~J. and 
	{Connolly}, A.~J. and {Schneider}, D.~P. and {Brinkmann}, J. and 
	{Lamb}, D.~Q. and {SubbaRao}, M. and {York}, D.~G.},
    title = "{Galaxy Star Formation as a Function of Environment in the Early Data Release of the Sloan Digital Sky Survey}",
  journal = {\apj},
   eprint = {astro-ph/0210193},
 keywords = {Galaxies: Clusters: General, Galaxies: Evolution, Galaxies: Stellar Content, Stars: Formation, Surveys},
     year = 2003,
    month = feb,
   volume = 584,
    pages = {210-227},
      doi = {10.1086/345593},
   adsurl = {http://ads.nao.ac.jp/abs/2003ApJ...584..210G},
  adsnote = {Provided by the SAO/NASA Astrophysics Data System}
}

@ARTICLE{peng2010,
   author = {{Peng}, Y.-j. and {Lilly}, S.~J. and {Kova{\v c}}, K. and {Bolzonella}, M. and 
	{Pozzetti}, L. and {Renzini}, A. and {Zamorani}, G. and {Ilbert}, O. and 
	{Knobel}, C. and {Iovino}, A. and {Maier}, C. and {Cucciati}, O. and 
	{Tasca}, L. and {Carollo}, C.~M. and {Silverman}, J. and {Kampczyk}, P. and 
	{de Ravel}, L. and {Sanders}, D. and {Scoville}, N. and {Contini}, T. and 
	{Mainieri}, V. and {Scodeggio}, M. and {Kneib}, J.-P. and {Le F{\`e}vre}, O. and 
	{Bardelli}, S. and {Bongiorno}, A. and {Caputi}, K. and {Coppa}, G. and 
	{de la Torre}, S. and {Franzetti}, P. and {Garilli}, B. and 
	{Lamareille}, F. and {Le Borgne}, J.-F. and {Le Brun}, V. and 
	{Mignoli}, M. and {Perez Montero}, E. and {Pello}, R. and {Ricciardelli}, E. and 
	{Tanaka}, M. and {Tresse}, L. and {Vergani}, D. and {Welikala}, N. and 
	{Zucca}, E. and {Oesch}, P. and {Abbas}, U. and {Barnes}, L. and 
	{Bordoloi}, R. and {Bottini}, D. and {Cappi}, A. and {Cassata}, P. and 
	{Cimatti}, A. and {Fumana}, M. and {Hasinger}, G. and {Koekemoer}, A. and 
	{Leauthaud}, A. and {Maccagni}, D. and {Marinoni}, C. and {McCracken}, H. and 
	{Memeo}, P. and {Meneux}, B. and {Nair}, P. and {Porciani}, C. and 
	{Presotto}, V. and {Scaramella}, R.},
    title = "{Mass and Environment as Drivers of Galaxy Evolution in SDSS and zCOSMOS and the Origin of the Schechter Function}",
  journal = {\apj},
archivePrefix = "arXiv",
   eprint = {1003.4747},
 primaryClass = "astro-ph.CO",
 keywords = {cosmology: observations, galaxies: active, galaxies: distances and redshifts, galaxies: evolution},
     year = 2010,
    month = sep,
   volume = 721,
    pages = {193-221},
      doi = {10.1088/0004-637X/721/1/193},
   adsurl = {http://ads.nao.ac.jp/abs/2010ApJ...721..193P},
  adsnote = {Provided by the SAO/NASA Astrophysics Data System}
}

@ARTICLE{balogh2004,
   author = {{Balogh}, M. and {Eke}, V. and {Miller}, C. and {Lewis}, I. and 
	{Bower}, R. and {Couch}, W. and {Nichol}, R. and {Bland-Hawthorn}, J. and 
	{Baldry}, I.~K. and {Baugh}, C. and {Bridges}, T. and {Cannon}, R. and 
	{Cole}, S. and {Colless}, M. and {Collins}, C. and {Cross}, N. and 
	{Dalton}, G. and {de Propris}, R. and {Driver}, S.~P. and {Efstathiou}, G. and 
	{Ellis}, R.~S. and {Frenk}, C.~S. and {Glazebrook}, K. and {Gomez}, P. and 
	{Gray}, A. and {Hawkins}, E. and {Jackson}, C. and {Lahav}, O. and 
	{Lumsden}, S. and {Maddox}, S. and {Madgwick}, D. and {Norberg}, P. and 
	{Peacock}, J.~A. and {Percival}, W. and {Peterson}, B.~A. and 
	{Sutherland}, W. and {Taylor}, K.},
    title = "{Galaxy ecology: groups and low-density environments in the SDSS and 2dFGRS}",
  journal = {\mnras},
   eprint = {astro-ph/0311379},
 keywords = {galaxies: clusters: general, galaxies: evolution, galaxies: interactions},
     year = 2004,
    month = mar,
   volume = 348,
    pages = {1355-1372},
      doi = {10.1111/j.1365-2966.2004.07453.x},
   adsurl = {http://ads.nao.ac.jp/abs/2004MNRAS.348.1355B},
  adsnote = {Provided by the SAO/NASA Astrophysics Data System}
}

@ARTICLE{koyama13a,
   author = {{Koyama}, Y. and {Kodama}, T. and {Tadaki}, K.-i. and {Hayashi}, M. and 
	{Tanaka}, M. and {Smail}, I. and {Tanaka}, I. and {Kurk}, J.
	},
    title = "{Massive starburst galaxies in a z = 2.16 proto-cluster unveiled by panoramic H{$\alpha$} mapping}",
  journal = {\mnras},
archivePrefix = "arXiv",
   eprint = {1210.0972},
 primaryClass = "astro-ph.CO",
 keywords = {galaxies: clusters: individual: PKS 1138-262, galaxies: evolution, large-scale structure of Universe},
     year = 2013,
    month = jan,
   volume = 428,
    pages = {1551-1564},
      doi = {10.1093/mnras/sts133},
   adsurl = {http://ads.nao.ac.jp/abs/2013MNRAS.428.1551K},
  adsnote = {Provided by the SAO/NASA Astrophysics Data System}
}

@ARTICLE{koyama13b,
   author = {{Koyama}, Y. and {Smail}, I. and {Kurk}, J. and {Geach}, J.~E. and 
	{Sobral}, D. and {Kodama}, T. and {Nakata}, F. and {Swinbank}, A.~M. and 
	{Best}, P.~N. and {Hayashi}, M. and {Tadaki}, K.-i.},
    title = "{On the evolution and environmental dependence of the star formation rate versus stellar mass relation since z {\tilde} 2}",
  journal = {\mnras},
archivePrefix = "arXiv",
   eprint = {1302.5315},
 primaryClass = "astro-ph.CO",
 keywords = {galaxies: clusters: individual: Cl 0939+4713, galaxies: evolution, large-scale structure of Universe},
     year = 2013,
    month = sep,
   volume = 434,
    pages = {423-436},
      doi = {10.1093/mnras/stt1035},
   adsurl = {http://ads.nao.ac.jp/abs/2013MNRAS.434..423K},
  adsnote = {Provided by the SAO/NASA Astrophysics Data System}
}

@ARTICLE{kodama07,
   author = {{Kodama}, T. and {Tanaka}, I. and {Kajisawa}, M. and {Kurk}, J. and 
	{Venemans}, B. and {De Breuck}, C. and {Vernet}, J. and {Lidman}, C.
	},
    title = "{The first appearance of the red sequence of galaxies in proto-clusters at 2 {\lt}\~{} z {\lt}\~{} 3}",
  journal = {\mnras},
   eprint = {astro-ph/0703382},
 keywords = {galaxies: clusters: general, galaxies: evolution, galaxies: formation, galaxies: high-redshift},
     year = 2007,
    month = jun,
   volume = 377,
    pages = {1717-1725},
      doi = {10.1111/j.1365-2966.2007.11739.x},
   adsurl = {http://ads.nao.ac.jp/abs/2007MNRAS.377.1717K},
  adsnote = {Provided by the SAO/NASA Astrophysics Data System}
}

@INPROCEEDINGS{kodama13,
   author = {{Kodama}, T. and {Hayashi}, M. and {Koyama}, Y. and {Tadaki}, K.-i. and 
	{Tanaka}, I. and {Shimakawa}, R.},
    title = "{Mahalo-Subaru: Mapping Star Formation at the Peak Epoch of Massive Galaxy Formation}",
 keywords = {galaxies: clusters, galaxies: evolution, galaxies: formation,},
booktitle = {IAU Symposium},
     year = 2013,
   series = {IAU Symposium},
   volume = 295,
   editor = {{Thomas}, D. and {Pasquali}, A. and {Ferreras}, I.},
    month = jul,
    pages = {74-77},
      doi = {10.1017/S1743921313004353},
   adsurl = {http://ads.nao.ac.jp/abs/2013IAUS..295...74K},
  adsnote = {Provided by the SAO/NASA Astrophysics Data System}
}

@ARTICLE{genzel11,
   author = {{Genzel}, R. and {Newman}, S. and {Jones}, T. and {F{\"o}rster Schreiber}, N.~M. and 
	{Shapiro}, K. and {Genel}, S. and {Lilly}, S.~J. and {Renzini}, A. and 
	{Tacconi}, L.~J. and {Bouch{\'e}}, N. and {Burkert}, A. and 
	{Cresci}, G. and {Buschkamp}, P. and {Carollo}, C.~M. and {Ceverino}, D. and 
	{Davies}, R. and {Dekel}, A. and {Eisenhauer}, F. and {Hicks}, E. and 
	{Kurk}, J. and {Lutz}, D. and {Mancini}, C. and {Naab}, T. and 
	{Peng}, Y. and {Sternberg}, A. and {Vergani}, D. and {Zamorani}, G.
	},
    title = "{The Sins Survey of z \~{} 2 Galaxy Kinematics: Properties of the Giant Star-forming Clumps}",
  journal = {\apj},
archivePrefix = "arXiv",
   eprint = {1011.5360},
 primaryClass = "astro-ph.CO",
 keywords = {cosmology: observations, galaxies: evolution, galaxies: high-redshift, infrared: galaxies},
     year = 2011,
    month = jun,
   volume = 733,
      eid = {101},
    pages = {101},
      doi = {10.1088/0004-637X/733/2/101},
   adsurl = {http://ads.nao.ac.jp/abs/2011ApJ...733..101G},
  adsnote = {Provided by the SAO/NASA Astrophysics Data System}
}

@ARTICLE{dekel09,
   author = {{Dekel}, A. and {Birnboim}, Y. and {Engel}, G. and {Freundlich}, J. and 
	{Goerdt}, T. and {Mumcuoglu}, M. and {Neistein}, E. and {Pichon}, C. and 
	{Teyssier}, R. and {Zinger}, E.},
    title = "{Cold streams in early massive hot haloes as the main mode of galaxy formation}",
  journal = {\nat},
archivePrefix = "arXiv",
   eprint = {0808.0553},
     year = 2009,
    month = jan,
   volume = 457,
    pages = {451-454},
      doi = {10.1038/nature07648},
   adsurl = {http://ads.nao.ac.jp/abs/2009Natur.457..451D},
  adsnote = {Provided by the SAO/NASA Astrophysics Data System}
}

@ARTICLE{grogin11,
   author = {{Grogin}, N.~A. and {Kocevski}, D.~D. and {Faber}, S.~M. and 
	{Ferguson}, H.~C. and {Koekemoer}, A.~M. and {Riess}, A.~G. and 
	{Acquaviva}, V. and {Alexander}, D.~M. and {Almaini}, O. and 
	{Ashby}, M.~L.~N. and {Barden}, M. and {Bell}, E.~F. and {Bournaud}, F. and 
	{Brown}, T.~M. and {Caputi}, K.~I. and {Casertano}, S. and {Cassata}, P. and 
	{Castellano}, M. and {Challis}, P. and {Chary}, R.-R. and {Cheung}, E. and 
	{Cirasuolo}, M. and {Conselice}, C.~J. and {Roshan Cooray}, A. and 
	{Croton}, D.~J. and {Daddi}, E. and {Dahlen}, T. and {Dav{\'e}}, R. and 
	{de Mello}, D.~F. and {Dekel}, A. and {Dickinson}, M. and {Dolch}, T. and 
	{Donley}, J.~L. and {Dunlop}, J.~S. and {Dutton}, A.~A. and 
	{Elbaz}, D. and {Fazio}, G.~G. and {Filippenko}, A.~V. and {Finkelstein}, S.~L. and 
	{Fontana}, A. and {Gardner}, J.~P. and {Garnavich}, P.~M. and 
	{Gawiser}, E. and {Giavalisco}, M. and {Grazian}, A. and {Guo}, Y. and 
	{Hathi}, N.~P. and {H{\"a}ussler}, B. and {Hopkins}, P.~F. and 
	{Huang}, J.-S. and {Huang}, K.-H. and {Jha}, S.~W. and {Kartaltepe}, J.~S. and 
	{Kirshner}, R.~P. and {Koo}, D.~C. and {Lai}, K. and {Lee}, K.-S. and 
	{Li}, W. and {Lotz}, J.~M. and {Lucas}, R.~A. and {Madau}, P. and 
	{McCarthy}, P.~J. and {McGrath}, E.~J. and {McIntosh}, D.~H. and 
	{McLure}, R.~J. and {Mobasher}, B. and {Moustakas}, L.~A. and 
	{Mozena}, M. and {Nandra}, K. and {Newman}, J.~A. and {Niemi}, S.-M. and 
	{Noeske}, K.~G. and {Papovich}, C.~J. and {Pentericci}, L. and 
	{Pope}, A. and {Primack}, J.~R. and {Rajan}, A. and {Ravindranath}, S. and 
	{Reddy}, N.~A. and {Renzini}, A. and {Rix}, H.-W. and {Robaina}, A.~R. and 
	{Rodney}, S.~A. and {Rosario}, D.~J. and {Rosati}, P. and {Salimbeni}, S. and 
	{Scarlata}, C. and {Siana}, B. and {Simard}, L. and {Smidt}, J. and 
	{Somerville}, R.~S. and {Spinrad}, H. and {Straughn}, A.~N. and 
	{Strolger}, L.-G. and {Telford}, O. and {Teplitz}, H.~I. and 
	{Trump}, J.~R. and {van der Wel}, A. and {Villforth}, C. and 
	{Wechsler}, R.~H. and {Weiner}, B.~J. and {Wiklind}, T. and 
	{Wild}, V. and {Wilson}, G. and {Wuyts}, S. and {Yan}, H.-J. and 
	{Yun}, M.~S.},
    title = "{CANDELS: The Cosmic Assembly Near-infrared Deep Extragalactic Legacy Survey}",
  journal = {\apjs},
archivePrefix = "arXiv",
   eprint = {1105.3753},
 primaryClass = "astro-ph.CO",
 keywords = {cosmology: observations, galaxies: high-redshift},
     year = 2011,
    month = dec,
   volume = 197,
      eid = {35},
    pages = {35},
      doi = {10.1088/0067-0049/197/2/35},
   adsurl = {http://ads.nao.ac.jp/abs/2011ApJS..197...35G},
  adsnote = {Provided by the SAO/NASA Astrophysics Data System}
}

@ARTICLE{tadaki13,
   author = {{Tadaki}, K.-i. and {Kodama}, T. and {Tanaka}, I. and {Hayashi}, M. and 
	{Koyama}, Y. and {Shimakawa}, R.},
    title = "{Nature of H{$\alpha$} Selected Galaxies at z {\gt} 2. I. Main-sequence and Dusty Star-forming Galaxies}",
  journal = {\apj},
archivePrefix = "arXiv",
   eprint = {1311.4259},
 primaryClass = "astro-ph.GA",
 keywords = {galaxies: evolution, galaxies: high-redshift, galaxies: starburst },
     year = 2013,
    month = dec,
   volume = 778,
      eid = {114},
    pages = {114},
      doi = {10.1088/0004-637X/778/2/114},
   adsurl = {http://ads.nao.ac.jp/abs/2013ApJ...778..114T},
  adsnote = {Provided by the SAO/NASA Astrophysics Data System}
}

@ARTICLE{tadaki14,
   author = {{Tadaki}, K.-i. and {Kodama}, T. and {Tanaka}, I. and {Hayashi}, M. and 
	{Koyama}, Y. and {Shimakawa}, R.},
    title = "{Nature of H-alpha selected galaxies at z{\gt}2. II. Clumpy galaxies and compact star-forming galaxies}",
  journal = {ArXiv e-prints},
archivePrefix = "arXiv",
   eprint = {1311.4260},
 primaryClass = "astro-ph.CO",
 keywords = {Astrophysics - Cosmology and Extragalactic Astrophysics},
     year = 2013,
    month = nov,
   adsurl = {http://ads.nao.ac.jp/abs/2013arXiv1311.4260T},
  adsnote = {Provided by the SAO/NASA Astrophysics Data System}
}

@ARTICLE{vandokkum08,
   author = {{van Dokkum}, P.~G. and {Franx}, M. and {Kriek}, M. and {Holden}, B. and 
	{Illingworth}, G.~D. and {Magee}, D. and {Bouwens}, R. and {Marchesini}, D. and 
	{Quadri}, R. and {Rudnick}, G. and {Taylor}, E.~N. and {Toft}, S.
	},
    title = "{Confirmation of the Remarkable Compactness of Massive Quiescent Galaxies at z \~{} 2.3: Early-Type Galaxies Did not Form in a Simple Monolithic Collapse}",
  journal = {\apjl},
archivePrefix = "arXiv",
   eprint = {0802.4094},
 keywords = {Cosmology: Observations, Galaxies: Evolution, Galaxies: Formation},
     year = 2008,
    month = apr,
   volume = 677,
    pages = {L5-L8},
      doi = {10.1086/587874},
   adsurl = {http://ads.nao.ac.jp/abs/2008ApJ...677L...5V},
  adsnote = {Provided by the SAO/NASA Astrophysics Data System}
}

@ARTICLE{vandokkum10,
   author = {{van Dokkum}, P.~G. and {Whitaker}, K.~E. and {Brammer}, G. and 
	{Franx}, M. and {Kriek}, M. and {Labb{\'e}}, I. and {Marchesini}, D. and 
	{Quadri}, R. and {Bezanson}, R. and {Illingworth}, G.~D. and 
	{Muzzin}, A. and {Rudnick}, G. and {Tal}, T. and {Wake}, D.},
    title = "{The Growth of Massive Galaxies Since z = 2}",
  journal = {\apj},
archivePrefix = "arXiv",
   eprint = {0912.0514},
 primaryClass = "astro-ph.CO",
 keywords = {cosmology: observations, galaxies: evolution, galaxies: formation},
     year = 2010,
    month = feb,
   volume = 709,
    pages = {1018-1041},
      doi = {10.1088/0004-637X/709/2/1018},
   adsurl = {http://ads.nao.ac.jp/abs/2010ApJ...709.1018V},
  adsnote = {Provided by the SAO/NASA Astrophysics Data System}
}

@ARTICLE{vandokkum13,
   author = {{van Dokkum}, P.~G. and {Leja}, J. and {Nelson}, E.~J. and {Patel}, S. and 
	{Skelton}, R.~E. and {Momcheva}, I. and {Brammer}, G. and {Whitaker}, K.~E. and 
	{Lundgren}, B. and {Fumagalli}, M. and {Conroy}, C. and {F{\"o}rster Schreiber}, N. and 
	{Franx}, M. and {Kriek}, M. and {Labb{\'e}}, I. and {Marchesini}, D. and 
	{Rix}, H.-W. and {van der Wel}, A. and {Wuyts}, S.},
    title = "{The Assembly of Milky-Way-like Galaxies Since z \~{} 2.5}",
  journal = {\apjl},
archivePrefix = "arXiv",
   eprint = {1304.2391},
 primaryClass = "astro-ph.CO",
 keywords = {cosmology: observations, galaxies: evolution, Galaxy: formation, Galaxy: structure },
     year = 2013,
    month = jul,
   volume = 771,
      eid = {L35},
    pages = {L35},
      doi = {10.1088/2041-8205/771/2/L35},
   adsurl = {http://ads.nao.ac.jp/abs/2013ApJ...771L..35V},
  adsnote = {Provided by the SAO/NASA Astrophysics Data System}
}

@ARTICLE{elmegreen05,
   author = {{Elmegreen}, B.~G. and {Elmegreen}, D.~M.},
    title = "{Stellar Populations in 10 Clump-Cluster Galaxies of the Hubble Ultra Deep Field}",
  journal = {\apj},
   eprint = {astro-ph/0504032},
 keywords = {Galaxies: Evolution, Galaxies: Formation, Galaxies: High-Redshift, Galaxies: Irregular},
     year = 2005,
    month = jul,
   volume = 627,
    pages = {632-646},
      doi = {10.1086/430514},
   adsurl = {http://ads.nao.ac.jp/abs/2005ApJ...627..632E},
  adsnote = {Provided by the SAO/NASA Astrophysics Data System}
}

@ARTICLE{guo12,
   author = {{Guo}, Y. and {Giavalisco}, M. and {Ferguson}, H.~C. and {Cassata}, P. and 
	{Koekemoer}, A.~M.},
    title = "{Multi-wavelength View of Kiloparsec-scale Clumps in Star-forming Galaxies at z \~{} 2}",
  journal = {\apj},
archivePrefix = "arXiv",
   eprint = {1110.3800},
 primaryClass = "astro-ph.CO",
 keywords = {cosmology: observations, galaxies: active, galaxies: bulges, galaxies: evolution, galaxies: formation, galaxies: high-redshift, galaxies: stellar content, galaxies: structure},
     year = 2012,
    month = oct,
   volume = 757,
      eid = {120},
    pages = {120},
      doi = {10.1088/0004-637X/757/2/120},
   adsurl = {http://ads.nao.ac.jp/abs/2012ApJ...757..120G},
  adsnote = {Provided by the SAO/NASA Astrophysics Data System}
}

@ARTICLE{genzel06,
   author = {{Genzel}, R. and {Tacconi}, L.~J. and {Eisenhauer}, F. and {F{\"o}rster Schreiber}, N.~M. and 
	{Cimatti}, A. and {Daddi}, E. and {Bouch{\'e}}, N. and {Davies}, R. and 
	{Lehnert}, M.~D. and {Lutz}, D. and {Nesvadba}, N. and {Verma}, A. and 
	{Abuter}, R. and {Shapiro}, K. and {Sternberg}, A. and {Renzini}, A. and 
	{Kong}, X. and {Arimoto}, N. and {Mignoli}, M.},
    title = "{The rapid formation of a large rotating disk galaxy three billion years after the Big Bang}",
  journal = {\nat},
   eprint = {astro-ph/0608344},
     year = 2006,
    month = aug,
   volume = 442,
    pages = {786-789},
      doi = {10.1038/nature05052},
   adsurl = {http://ads.nao.ac.jp/abs/2006Natur.442..786G},
  adsnote = {Provided by the SAO/NASA Astrophysics Data System}
}

@ARTICLE{tacconi10,
   author = {{Tacconi}, L.~J. and {Genzel}, R. and {Neri}, R. and {Cox}, P. and 
	{Cooper}, M.~C. and {Shapiro}, K. and {Bolatto}, A. and {Bouch{\'e}}, N. and 
	{Bournaud}, F. and {Burkert}, A. and {Combes}, F. and {Comerford}, J. and 
	{Davis}, M. and {Schreiber}, N.~M.~F. and {Garcia-Burillo}, S. and 
	{Gracia-Carpio}, J. and {Lutz}, D. and {Naab}, T. and {Omont}, A. and 
	{Shapley}, A. and {Sternberg}, A. and {Weiner}, B.},
    title = "{High molecular gas fractions in normal massive star-forming galaxies in the young Universe}",
  journal = {\nat},
archivePrefix = "arXiv",
   eprint = {1002.2149},
 primaryClass = "astro-ph.CO",
     year = 2010,
    month = feb,
   volume = 463,
    pages = {781-784},
      doi = {10.1038/nature08773},
   adsurl = {http://ads.nao.ac.jp/abs/2010Natur.463..781T},
  adsnote = {Provided by the SAO/NASA Astrophysics Data System}
}

@ARTICLE{inoue12,
   author = {{Inoue}, S. and {Saitoh}, T.~R.},
    title = "{Natures of a clump-origin bulge: a pseudo-bulge like but old metal-rich bulge}",
  journal = {\mnras},
archivePrefix = "arXiv",
   eprint = {1109.2898},
 primaryClass = "astro-ph.CO",
 keywords = {methods: numerical, Galaxy: bulge, Galaxy: disc, Galaxy: formation, galaxies: bulges, galaxies: formation},
     year = 2012,
    month = may,
   volume = 422,
    pages = {1902-1913},
      doi = {10.1111/j.1365-2966.2011.20338.x},
   adsurl = {http://ads.nao.ac.jp/abs/2012MNRAS.422.1902I},
  adsnote = {Provided by the SAO/NASA Astrophysics Data System}
}

@ARTICLE{barnes96,
   author = {{Barnes}, J.~E. and {Hernquist}, L.},
    title = "{Transformations of Galaxies. II. Gasdynamics in Merging Disk Galaxies}",
  journal = {\apj},
 keywords = {GALAXIES: INTERACTIONS, GALAXIES: STRUCTURE, HYDRODYNAMICS, METHODS: NUMERICAL},
     year = 1996,
    month = nov,
   volume = 471,
    pages = {115},
      doi = {10.1086/177957},
   adsurl = {http://ads.nao.ac.jp/abs/1996ApJ...471..115B},
  adsnote = {Provided by the SAO/NASA Astrophysics Data System}
}

@ARTICLE{tadaki12,
  author = {{Tadaki}, K.-i. and {Kodama}, T. and {Ota}, K. and {Hayashi}, M. and 
  {Koyama}, Y. and {Papovich}, C. and {Brodwin}, M. and {Tanaka}, M. and 
  {Iye}, M.},
   title = "{A large-scale structure traced by [O II] emitters hosting a distant cluster at z= 1.62}",
 journal = {\mnras},
archivePrefix = "arXiv",
  eprint = {1204.1165},
primaryClass = "astro-ph.CO",
keywords = {galaxies: clusters: individual: ClG J0218.3-0510, galaxies: evolution, large-scale structure of Universe},
    year = 2012,
   month = jul,
  volume = 423,
   pages = {2617-2626},
     doi = {10.1111/j.1365-2966.2012.21063.x},
  adsurl = {http://ads.nao.ac.jp/abs/2012MNRAS.423.2617T},
 adsnote = {Provided by the SAO/NASA Astrophysics Data System}
}

@ARTICLE{hayashi12,
  author = {{Hayashi}, M. and {Kodama}, T. and {Tadaki}, K.-i. and {Koyama}, Y. and 
  {Tanaka}, I.},
   title = "{A Starbursting Proto-cluster in Making Associated with a Radio Galaxy at z = 2.53 Discovered by H{$\alpha$} Imaging}",
 journal = {\apj},
archivePrefix = "arXiv",
  eprint = {1207.2614},
primaryClass = "astro-ph.CO",
keywords = {galaxies: clusters: general, galaxies: clusters: individual: USS 1558-003, galaxies: evolution},
    year = 2012,
   month = sep,
  volume = 757,
     eid = {15},
   pages = {15},
     doi = {10.1088/0004-637X/757/1/15},
  adsurl = {http://ads.nao.ac.jp/abs/2012ApJ...757...15H},
 adsnote = {Provided by the SAO/NASA Astrophysics Data System}
}

@ARTICLE{hayashi11,
  author = {{Hayashi}, M. and {Kodama}, T. and {Koyama}, Y. and {Tadaki}, K.-I. and 
  {Tanaka}, I.},
   title = "{Properties of star-forming galaxies in a cluster and its surrounding structure at z=1.46}",
 journal = {\mnras},
archivePrefix = "arXiv",
  eprint = {1104.2121},
primaryClass = "astro-ph.CO",
keywords = {galaxies: clusters: general, galaxies: clusters: individual: XMMXCS J2215.9-1738, galaxies: evolution},
    year = 2011,
   month = aug,
  volume = 415,
   pages = {2670-2687},
     doi = {10.1111/j.1365-2966.2011.18892.x},
  adsurl = {http://ads.nao.ac.jp/abs/2011MNRAS.415.2670H},
 adsnote = {Provided by the SAO/NASA Astrophysics Data System}
}

@ARTICLE{hayashi10,
  author = {{Hayashi}, M. and {Kodama}, T. and {Koyama}, Y. and {Tanaka}, I. and 
  {Shimasaku}, K. and {Okamura}, S.},
   title = "{High star formation activity in the central region of a distant cluster at z = 1.46}",
 journal = {\mnras},
archivePrefix = "arXiv",
  eprint = {0911.2530},
primaryClass = "astro-ph.CO",
keywords = {galaxies: clusters: general, galaxies: clusters: individual: XMMXCS J2215.9-1738, galaxies: evolution},
    year = 2010,
   month = mar,
  volume = 402,
   pages = {1980-1990},
     doi = {10.1111/j.1365-2966.2009.16026.x},
  adsurl = {http://ads.nao.ac.jp/abs/2010MNRAS.402.1980H},
 adsnote = {Provided by the SAO/NASA Astrophysics Data System}
}
