@ARTICLE{Andersen06,
   author = {{Andersen}, D.~R. and {Stoesz}, J. and {Morris}, S. and {Lloyd-Hart}, M. and 
	{Crampton}, D. and {Butterley}, T. and {Ellerbroek}, B. and 
	{Jolissaint}, L. and {Milton}, N.~M. and {Myers}, R. and {Szeto}, K. and 
	{Tokovinin}, A. and {V{\'e}ran}, J.-P. and {Wilson}, R.},
    title = "{Performance Modeling of a Wide-Field Ground-Layer Adaptive Optics System}",
  journal = {\pasp},
   eprint = {arXiv:astro-ph/0610097},
 keywords = {Instrumentation: Adaptive Optics},
     year = 2006,
    month = nov,
   volume = 118,
    pages = {1574-1590},
      doi = {10.1086/509266},
   adsurl = {http://ads.nao.ac.jp/abs/2006PASP..118.1574A},
  adsnote = {Provided by the SAO/NASA Astrophysics Data System}
}

@TECHREPORT{Andersen10mn1,
   author = {{Andersen}, D.~R.},
    title = "{Model Atmosphere}",
     year = 2010,
     note = {RAVEN Modeling Note 1}
}

@ARTICLE{Chun09,
   author = {{Chun}, M. and {Wilson}, R. and {Avila}, R. and {Butterley}, T. and 
	{Aviles}, J.-L. and {Wier}, D. and {Benigni}, S.},
    title = "{Mauna Kea ground-layer characterization campaign}",
  journal = {\mnras},
 keywords = {atmospheric effects , instrumentation: adaptive optics , site testing},
     year = 2009,
    month = apr,
   volume = 394,
    pages = {1121-1130},
      doi = {10.1111/j.1365-2966.2008.14346.x},
   adsurl = {http://ads.nao.ac.jp/abs/2009MNRAS.394.1121C},
  adsnote = {Provided by the SAO/NASA Astrophysics Data System}
}

@INPROCEEDINGS{Conan10,
   author = {{Conan}, R. and {Bradley}, C. and {Lardi{\`e}re}, O. and {Blain}, C. and 
	{Venn}, K. and {Andersen}, D. and {Simard}, L. and {V{\'e}ran}, J.-P. and 
	{Herriot}, G. and {Loop}, D. and {Usuda}, T. and {Oya}, S. and 
	{Hayano}, Y. and {Terada}, H. and {Akiyama}, M.},
    title = "{Raven: a harbinger of multi-object adaptive optics-based instruments at the Subaru Telescope}",
booktitle = {Society of Photo-Optical Instrumentation Engineers (SPIE) Conference Series},
     year = 2010,
   series = {Society of Photo-Optical Instrumentation Engineers (SPIE) Conference Series},
   volume = 7736,
    pages = {0T},
    month = jul,
      doi = {10.1117/12.856567},
   adsurl = {http://ads.nao.ac.jp/abs/2010SPIE.7736E..26C},
  adsnote = {Provided by the SAO/NASA Astrophysics Data System}
}

@ARTICLE{Els09,
   author = {{Els}, S.~G. and {Travouillon}, T. and {Sch{\"o}ck}, M. and 
	{Riddle}, R. and {Skidmore}, W. and {Seguel}, J. and {Bustos}, E. and 
	{Walker}, D.},
    title = "{Thirty Meter Telescope Site Testing VI: Turbulence Profiles}",
  journal = {\pasp},
archivePrefix = "arXiv",
   eprint = {0904.1865},
 primaryClass = "astro-ph.IM",
 keywords = {Astronomical Phenomena and Seeing},
     year = 2009,
    month = may,
   volume = 121,
    pages = {527-543},
      doi = {10.1086/599384},
   adsurl = {http://ads.nao.ac.jp/abs/2009PASP..121..527E},
  adsnote = {Provided by the SAO/NASA Astrophysics Data System}
}

@TECHREPORT{GemRep05,
author = {{Gemini GLAO feasibility study team}},
title = {Gemini Ground Layer Adaptive Optics Feasibility Study Report},
month = feb,
year = {2005},
number = {GLAO-PRO-001, ver.: 1.0},
institution = {Gemini Observatory},
url = {http://www.gemini.edu/files/docman/science/aspen/GLAO_feasibility_report_public.pdf}
}

@TECHREPORT{ImakaRep10,
author = {{The IMAKA team}},
title = {IMAKA Reasibility Study Report},
month = april,
year = {2010},
institution = {Canada-France-Hawaii Telescope},
url = {http://www.cfht.hawaii.edu/en/projects/IMAKA/Public_IMAKA_Final_Feasibility_Report.20100411.pdf}
}

@ARTICLE{Krisciunas91,
   author = {{Krisciunas}, K. and {Schaefer}, B.~E.},
    title = "{A model of the brightness of moonlight}",
  journal = {\pasp},
 keywords = {ASTRONOMICAL MODELS, ATMOSPHERIC SCATTERING, LUNAR LUMINESCENCE, SKY BRIGHTNESS, CHARGE COUPLED DEVICES, REFLECTED WAVES, SCATTERING FUNCTIONS},
     year = 1991,
    month = sep,
   volume = 103,
    pages = {1033-1039},
      doi = {10.1086/132921},
   adsurl = {http://ads.nao.ac.jp/abs/1991PASP..103.1033K},
  adsnote = {Provided by the SAO/NASA Astrophysics Data System}
}

