@ARTICLE{sal55,
   author = {{Salpeter}, E.~E.},
    title = "{The Luminosity Function and Stellar Evolution.}",
  journal = {ApJ},
     year = 1955,
    month = jan,
   volume = 121,
    pages = {161},
      doi = {10.1086/145971},
   adsurl = {http://ads.nao.ac.jp/abs/1955ApJ...121..161S},
  adsnote = {Provided by the SAO/NASA Astrophysics Data System}
}

@ARTICLE{mil79,
   author = {{Miller}, G.~E. and {Scalo}, J.~M.},
    title = "{The initial mass function and stellar birthrate in the solar neighborhood}",
  journal = {\apjs},
 keywords = {COSMOLOGY, SOLAR SYSTEM, STELLAR EVOLUTION, STELLAR MASS, GAS DENSITY, MAIN SEQUENCE STARS, MILKY WAY GALAXY, NUCLEAR FUSION, PLANETARY NEBULAE, STELLAR LUMINOSITY, STELLAR MASS ACCRETION, STELLAR MASS EJECTION, SUPERNOVAE, WHITE DWARF STARS},
     year = 1979,
    month = nov,
   volume = 41,
    pages = {513-547},
      doi = {10.1086/190629},
   adsurl = {http://ads.nao.ac.jp/abs/1979ApJS...41..513M},
  adsnote = {Provided by the SAO/NASA Astrophysics Data System}
}

@ARTICLE{sca86,
   author = {{Scalo}, J.~M.},
    title = "{The stellar initial mass function}",
  journal = {\fcp},
 keywords = {MASS DISTRIBUTION, STELLAR EVOLUTION, STELLAR MASS, CHRONOLOGY, GALAXIES, MASS TO LIGHT RATIOS, METALLICITY, STAR CLUSTERS, STELLAR LUMINOSITY, STELLAR SPECTRA},
     year = 1986,
    month = may,
   volume = 11,
    pages = {1-278},
   adsurl = {http://ads.nao.ac.jp/abs/1986FCPh...11....1S},
  adsnote = {Provided by the SAO/NASA Astrophysics Data System}
}

@ARTICLE{kro01,
   author = {{Kroupa}, P.},
    title = "{On the variation of the initial mass function}",
  journal = {\mnras},
   eprint = {arXiv:astro-ph/0009005},
 keywords = {BINARIES: GENERAL, STARS: FORMATION, STARS: KINEMATICS, STARS: LUMINOSITY FUNCTION, MASS FUNCTION, GLOBULAR CLUSTERS: GENERAL, OPEN CLUSTERS AND ASSOCIATIONS: GENERAL},
     year = 2001,
    month = apr,
   volume = 322,
    pages = {231-246},
      doi = {10.1046/j.1365-8711.2001.04022.x},
   adsurl = {http://ads.nao.ac.jp/abs/2001MNRAS.322..231K},
  adsnote = {Provided by the SAO/NASA Astrophysics Data System}
}

@INPROCEEDINGS{sca98,
   author = {{Scalo}, J.},
    title = "{The IMF Revisited: A Case for Variations}",
booktitle = {The Stellar Initial Mass Function (38th Herstmonceux Conference)},
     year = 1998,
   series = {Astronomical Society of the Pacific Conference Series},
   volume = 142,
   eprint = {arXiv:astro-ph/9712317},
   editor = {{Gilmore}, G. and {Howell}, D.},
    pages = {201},
   adsurl = {http://ads.nao.ac.jp/abs/1998ASPC..142..201S},
  adsnote = {Provided by the SAO/NASA Astrophysics Data System}
}

@ARTICLE{oas06,
   author = {{Oasa}, Y. and {Tamura}, M. and {Nakajima}, Y. and {Itoh}, Y. and 
	{Maihara}, T. and {Iwamuro}, F. and {Motohara}, K. and {Hayashi}, S.~S. and 
	{Hayashi}, M. and {Kaifu}, N.},
    title = "{Very Low Luminosity Young Cluster and the Luminosity and Mass Functions in S106}",
  journal = {\aj},
 keywords = {open clusters and associations: individual (S106), Stars: Low-Mass, Brown Dwarfs, Stars: Luminosity Function, Mass Function, Stars: Pre-Main-Sequence},
     year = 2006,
    month = mar,
   volume = 131,
    pages = {1608-1628},
      doi = {10.1086/500086},
   adsurl = {http://ads.nao.ac.jp/abs/2006AJ....131.1608O},
  adsnote = {Provided by the SAO/NASA Astrophysics Data System}
}

@ARTICLE{hil97,
   author = {{Hillenbrand}, L.~A.},
    title = "{On the Stellar Population and Star-Forming History of the Orion Nebula Cluster}",
  journal = {\aj},
     year = 1997,
    month = may,
   volume = 113,
    pages = {1733-1768},
      doi = {10.1086/118389},
   adsurl = {http://ads.nao.ac.jp/abs/1997AJ....113.1733H},
  adsnote = {Provided by the SAO/NASA Astrophysics Data System}
}

@ARTICLE{har08,
   author = {{Harayama}, Y. and {Eisenhauer}, F. and {Martins}, F.},
    title = "{The Initial Mass Function of the Massive Star-forming Region NGC 3603 from Near-Infrared Adaptive Optics Observations}",
  journal = {\apj},
archivePrefix = "arXiv",
   eprint = {0710.2882},
 keywords = {ISM: H II Regions, Galaxy: Open Clusters and Associations: Individual: NGC Number: NGC 3603, Stars: Formation, Stars: Luminosity Function, Mass Function, Stars: Pre-Main-Sequence},
     year = 2008,
    month = mar,
   volume = 675,
    pages = {1319-1342},
      doi = {10.1086/524650},
   adsurl = {http://ads.nao.ac.jp/abs/2008ApJ...675.1319H},
  adsnote = {Provided by the SAO/NASA Astrophysics Data System}
}

@ARTICLE{oas99,
   author = {{Oasa}, Y. and {Tamura}, M. and {Sugitani}, K.},
    title = "{A Deep Near-Infrared Survey of the Chamaeleon I Dark Cloud Core}",
  journal = {\apj},
 keywords = {INFRARED: STARS, ISM: INDIVIDUAL (CHAMAELEON I), STARS: FORMATION, STARS: LOW-MASS, BROWN DWARFS, STARS: LUMINOSITY FUNCTION, MASS FUNCTION, STARS: PRE-MAIN-SEQUENCE},
     year = 1999,
    month = nov,
   volume = 526,
    pages = {336-343},
      doi = {10.1086/307964},
   adsurl = {http://ads.nao.ac.jp/abs/1999ApJ...526..336O},
  adsnote = {Provided by the SAO/NASA Astrophysics Data System}
}


@ARTICLE{sum11,
   author = {{Sumi}, T. and {Kamiya}, K. and {Bennett}, D.~P. and {Bond}, I.~A. and 
	{Abe}, F. and {Botzler}, C.~S. and {Fukui}, A. and {Furusawa}, K. and 
	{Hearnshaw}, J.~B. and {Itow}, Y. and {Kilmartin}, P.~M. and 
	{Korpela}, A. and {Lin}, W. and {Ling}, C.~H. and {Masuda}, K. and 
	{Matsubara}, Y. and {Miyake}, N. and {Motomura}, M. and {Muraki}, Y. and 
	{Nagaya}, M. and {Nakamura}, S. and {Ohnishi}, K. and {Okumura}, T. and 
	{Perrott}, Y.~C. and {Rattenbury}, N. and {Saito}, T. and {Sako}, T. and 
	{Sullivan}, D.~J. and {Sweatman}, W.~L. and {Tristram}, P.~J. and 
	{Udalski}, A. and {Szyma{\'n}ski}, M.~K. and {Kubiak}, M. and 
	{Pietrzy{\'n}ski}, G. and {Poleski}, R. and {Soszy{\'n}ski}, I. and 
	{Wyrzykowski}, {\L}. and {Ulaczyk}, K. and {Microlensing Observations in Astrophysics (MOA) Collaboration}
	},
    title = "{Unbound or distant planetary mass population detected by gravitational microlensing}",
  journal = {\nat},
archivePrefix = "arXiv",
   eprint = {1105.3544},
 primaryClass = "astro-ph.EP",
     year = 2011,
    month = may,
   volume = 473,
    pages = {349-352},
      doi = {10.1038/nature10092},
   adsurl = {http://ads.nao.ac.jp/abs/2011Natur.473..349S},
  adsnote = {Provided by the SAO/NASA Astrophysics Data System}
}


@ARTICLE{sch12,
   author = {{Scholz}, A. and {Jayawardhana}, R. and {Muzic}, K. and {Geers}, V. and 
	{Tamura}, M. and {Tanaka}, I.},
    title = "{Substellar Objects in Nearby Young Clusters (SONYC). VI. The Planetary-mass Domain of NGC 1333}",
  journal = {\apj},
archivePrefix = "arXiv",
   eprint = {1207.1449},
 primaryClass = "astro-ph.SR",
 keywords = {brown dwarfs, planets and satellites: formation, stars: formation, stars: luminosity function, mass function, stars: pre-main sequence},
     year = 2012,
    month = sep,
   volume = 756,
      eid = {24},
    pages = {24},
      doi = {10.1088/0004-637X/756/1/24},
   adsurl = {http://ads.nao.ac.jp/abs/2012ApJ...756...24S},
  adsnote = {Provided by the SAO/NASA Astrophysics Data System}
}

@ARTICLE{pen12,
   author = {{Pe{\~n}a Ram{\'{\i}}rez}, K. and {B{\'e}jar}, V.~J.~S. and 
	{Zapatero Osorio}, M.~R. and {Petr-Gotzens}, M.~G. and {Mart{\'{\i}}n}, E.~L.
	},
    title = "{New Isolated Planetary-mass Objects and the Stellar and Substellar Mass Function of the {$\sigma$} Orionis Cluster}",
  journal = {\apj},
archivePrefix = "arXiv",
   eprint = {1205.4950},
 primaryClass = "astro-ph.SR",
 keywords = {brown dwarfs, circumstellar matter, infrared: stars, open clusters and associations: individual: {$\sigma$} Orionis, stars: low-mass, stars: luminosity function, mass function},
     year = 2012,
    month = jul,
   volume = 754,
      eid = {30},
    pages = {30},
      doi = {10.1088/0004-637X/754/1/30},
   adsurl = {http://ads.nao.ac.jp/abs/2012ApJ...754...30P},
  adsnote = {Provided by the SAO/NASA Astrophysics Data System}
}

@ARTICLE{ben12,
   author = {{Benneke}, B. and {Seager}, S.},
    title = "{Atmospheric Retrieval for Super-Earths: Uniquely Constraining the Atmospheric Composition with Transmission Spectroscopy}",
  journal = {\apj},
archivePrefix = "arXiv",
   eprint = {1203.4018},
 primaryClass = "astro-ph.EP",
 keywords = {methods: numerical, planets and satellites: atmospheres, planets and satellites: individual: GJ 1214b},
     year = 2012,
    month = jul,
   volume = 753,
      eid = {100},
    pages = {100},
      doi = {10.1088/0004-637X/753/2/100},
   adsurl = {http://ads.nao.ac.jp/abs/2012ApJ...753..100B},
  adsnote = {Provided by the SAO/NASA Astrophysics Data System}
}

@ARTICLE{gib13,
   author = {{Gibson}, N.~P. and {Aigrain}, S. and {Barstow}, J.~K. and {Evans}, T.~M. and 
	{Fletcher}, L.~N. and {Irwin}, P.~G.~J.},
    title = "{A Gemini ground-based transmission spectrum of WASP-29b: a featureless spectrum from 515 to 720 nm}",
  journal = {\mnras},
archivePrefix = "arXiv",
   eprint = {1210.7798},
 primaryClass = "astro-ph.EP",
 keywords = {methods: data analysis, techniques: spectroscopic, stars: individual: WASP-29, planetary systems},
     year = 2013,
    month = feb,
   volume = 428,
    pages = {3680-3692},
      doi = {10.1093/mnras/sts307},
   adsurl = {http://ads.nao.ac.jp/abs/2013MNRAS.428.3680G},
  adsnote = {Provided by the SAO/NASA Astrophysics Data System}
}


@ARTICLE{nar13,
   author = {{Narita}, N. and {Fukui}, A. and {Ikoma}, M. and {Hori}, Y. and 
	{Kurosaki}, K. and {Kawashima}, Y. and {Nagayama}, T. and {Onitsuka}, M. and 
	{Sukom}, A. and {Nakajima}, Y. and {Tamura}, M. and {Kuroda}, D. and 
	{Yanagisawa}, K. and {Hirano}, T. and {Kawauchi}, K. and {Kuzuhara}, M. and 
	{Ohnuki}, H. and {Suenaga}, T. and {Takahashi}, Y.~H. and {Izumiura}, H. and 
	{Kawai}, N. and {Yoshida}, M.},
    title = "{Multi-color Transit Photometry of GJ 1214b through BJHK $_{s}$ Bands and a Long-term Monitoring of the Stellar Variability of GJ 1214}",
  journal = {\apj},
archivePrefix = "arXiv",
   eprint = {1305.6985},
 primaryClass = "astro-ph.EP",
 keywords = {planetary systems, planets and satellites: atmospheres, planets and satellites: individual: GJ1214b, stars: individual: GJ1214, techniques: photometric },
     year = 2013,
    month = aug,
   volume = 773,
      eid = {144},
    pages = {144},
      doi = {10.1088/0004-637X/773/2/144},
   adsurl = {http://ads.nao.ac.jp/abs/2013ApJ...773..144N},
  adsnote = {Provided by the SAO/NASA Astrophysics Data System}
}

@ARTICLE{spi12,
   author = {{Spiegel}, D.~S. and {Burrows}, A.},
    title = "{Spectral and Photometric Diagnostics of Giant Planet Formation Scenarios}",
  journal = {\apj},
archivePrefix = "arXiv",
   eprint = {1108.5172},
 primaryClass = "astro-ph.EP",
 keywords = {brown dwarfs, radiative transfer, stars: evolution, stars: low-mass},
     year = 2012,
    month = feb,
   volume = 745,
      eid = {174},
    pages = {174},
      doi = {10.1088/0004-637X/745/2/174},
   adsurl = {http://ads.nao.ac.jp/abs/2012ApJ...745..174S},
  adsnote = {Provided by the SAO/NASA Astrophysics Data System}
}

@ARTICLE{bor13,
   author = {{Borucki}, W.~J. and {Agol}, E. and {Fressin}, F. and {Kaltenegger}, L. and 
	{Rowe}, J. and {Isaacson}, H. and {Fischer}, D. and {Batalha}, N. and 
	{Lissauer}, J.~J. and {Marcy}, G.~W. and {Fabrycky}, D. and 
	{D{\'e}sert}, J.-M. and {Bryson}, S.~T. and {Barclay}, T. and 
	{Bastien}, F. and {Boss}, A. and {Brugamyer}, E. and {Buchhave}, L.~A. and 
	{Burke}, C. and {Caldwell}, D.~A. and {Carter}, J. and {Charbonneau}, D. and 
	{Crepp}, J.~R. and {Christensen-Dalsgaard}, J. and {Christiansen}, J.~L. and 
	{Ciardi}, D. and {Cochran}, W.~D. and {DeVore}, E. and {Doyle}, L. and 
	{Dupree}, A.~K. and {Endl}, M. and {Everett}, M.~E. and {Ford}, E.~B. and 
	{Fortney}, J. and {Gautier}, T.~N. and {Geary}, J.~C. and {Gould}, A. and 
	{Haas}, M. and {Henze}, C. and {Howard}, A.~W. and {Howell}, S.~B. and 
	{Huber}, D. and {Jenkins}, J.~M. and {Kjeldsen}, H. and {Kolbl}, R. and 
	{Kolodziejczak}, J. and {Latham}, D.~W. and {Lee}, B.~L. and 
	{Lopez}, E. and {Mullally}, F. and {Orosz}, J.~A. and {Prsa}, A. and 
	{Quintana}, E.~V. and {Sanchis-Ojeda}, R. and {Sasselov}, D. and 
	{Seader}, S. and {Shporer}, A. and {Steffen}, J.~H. and {Still}, M. and 
	{Tenenbaum}, P. and {Thompson}, S.~E. and {Torres}, G. and {Twicken}, J.~D. and 
	{Welsh}, W.~F. and {Winn}, J.~N.},
    title = "{Kepler-62: A Five-Planet System with Planets of 1.4 and 1.6 Earth Radii in the Habitable Zone}",
  journal = {Science},
archivePrefix = "arXiv",
   eprint = {1304.7387},
 primaryClass = "astro-ph.EP",
     year = 2013,
    month = may,
   volume = 340,
    pages = {587-590},
      doi = {10.1126/science.1234702},
   adsurl = {http://ads.nao.ac.jp/abs/2013Sci...340..587B},
  adsnote = {Provided by the SAO/NASA Astrophysics Data System}
}

@ARTICLE{bor11,
   author = {{Borucki}, W.~J. and {Koch}, D.~G. and {Basri}, G. and {Batalha}, N. and 
	{Brown}, T.~M. and {Bryson}, S.~T. and {Caldwell}, D. and {Christensen-Dalsgaard}, J. and 
	{Cochran}, W.~D. and {DeVore}, E. and {Dunham}, E.~W. and {Gautier}, III, T.~N. and 
	{Geary}, J.~C. and {Gilliland}, R. and {Gould}, A. and {Howell}, S.~B. and 
	{Jenkins}, J.~M. and {Latham}, D.~W. and {Lissauer}, J.~J. and 
	{Marcy}, G.~W. and {Rowe}, J. and {Sasselov}, D. and {Boss}, A. and 
	{Charbonneau}, D. and {Ciardi}, D. and {Doyle}, L. and {Dupree}, A.~K. and 
	{Ford}, E.~B. and {Fortney}, J. and {Holman}, M.~J. and {Seager}, S. and 
	{Steffen}, J.~H. and {Tarter}, J. and {Welsh}, W.~F. and {Allen}, C. and 
	{Buchhave}, L.~A. and {Christiansen}, J.~L. and {Clarke}, B.~D. and 
	{Das}, S. and {D{\'e}sert}, J.-M. and {Endl}, M. and {Fabrycky}, D. and 
	{Fressin}, F. and {Haas}, M. and {Horch}, E. and {Howard}, A. and 
	{Isaacson}, H. and {Kjeldsen}, H. and {Kolodziejczak}, J. and 
	{Kulesa}, C. and {Li}, J. and {Lucas}, P.~W. and {Machalek}, P. and 
	{McCarthy}, D. and {MacQueen}, P. and {Meibom}, S. and {Miquel}, T. and 
	{Prsa}, A. and {Quinn}, S.~N. and {Quintana}, E.~V. and {Ragozzine}, D. and 
	{Sherry}, W. and {Shporer}, A. and {Tenenbaum}, P. and {Torres}, G. and 
	{Twicken}, J.~D. and {Van Cleve}, J. and {Walkowicz}, L. and 
	{Witteborn}, F.~C. and {Still}, M.},
    title = "{Characteristics of Planetary Candidates Observed by Kepler. II. Analysis of the First Four Months of Data}",
  journal = {\apj},
archivePrefix = "arXiv",
   eprint = {1102.0541},
 primaryClass = "astro-ph.EP",
 keywords = {planetary systems, stars: statistics, planets and satellites: detection, surveys},
     year = 2011,
    month = jul,
   volume = 736,
      eid = {19},
    pages = {19},
      doi = {10.1088/0004-637X/736/1/19},
   adsurl = {http://ads.nao.ac.jp/abs/2011ApJ...736...19B},
  adsnote = {Provided by the SAO/NASA Astrophysics Data System}
}

@INPROCEEDINGS{pes13,
   author = {{Pessev}, P. and {Carrasco}, R. and {Winge}, C. and {McGregor}, P. and 
	{Edwards}, M. and {Rigaut}, F. and {Neichel}, B. and {Young}, P. and 
	{Artigau}, E. and {Mauro}, F.},
    title = "{Gemini South Adaptive Optics Imager (GSAOI) at Gemini South - Commissioning and Fist Science Results}",
booktitle = {American Astronomical Society Meeting Abstracts},
     year = 2013,
   series = {American Astronomical Society Meeting Abstracts},
   volume = 221,
    month = jan,
    pages = {\#305.06},
   adsurl = {http://ads.nao.ac.jp/abs/2013AAS...22130506P},
  adsnote = {Provided by the SAO/NASA Astrophysics Data System}
}

@ARTICLE{bou09,
   author = {{Bouy}, H. and {Hu{\'e}lamo}, N. and {Mart{\'{\i}}n}, E.~L. and 
	{Marchis}, F. and {Barrado Y Navascu{\'e}s}, D. and {Kolb}, J. and 
	{Marchetti}, E. and {Petr-Gotzens}, M.~G. and {Sterzik}, M. and 
	{Ivanov}, V.~D. and {K{\"o}hler}, R. and {N{\"u}rnberger}, D.
	},
    title = "{A deep look into the cores of young clusters. I. {$\sigma$}-Orionis}",
  journal = {\aap},
archivePrefix = "arXiv",
   eprint = {0808.3890},
 keywords = {stars: formation, stars: low-mass, brown dwarfs, stars: planetary system, techniques: high angular resolution, stars: early-type},
     year = 2009,
    month = jan,
   volume = 493,
    pages = {931-946},
      doi = {10.1051/0004-6361:200810267},
   adsurl = {http://ads.nao.ac.jp/abs/2009A%26A...493..931B},
  adsnote = {Provided by the SAO/NASA Astrophysics Data System}
}
