@ARTICLE{Infante-94,
   author = {{Infante}, L.},
    title = "{Counts and colours of faint stars in 5 fields near the North Galactic Pole.}",
  journal = {\aaps},
   eprint = {arXiv:astro-ph/9408073},
 keywords = {GALAXY: STRUCTURE, GALAXY: STELLAR CONTENT, STARS: STATISTICS},
     year = 1994,
    month = oct,
   volume = 107,
    pages = {413-418},
   adsurl = {http://ads.nao.ac.jp/abs/1994A%26AS..107..413I},
  adsnote = {Provided by the SAO/NASA Astrophysics Data System}
}

@ARTICLE{Minezaki-98,
   author = {{Minezaki}, T. and {Yoshii}, Y. and {Cohen}, M. and {Kobayashi}, Y. and 
	{Peterson}, B.~A.},
    title = "{The interpretation of near-infrared star counts at the South Galactic Pole}",
  journal = {\aj},
   eprint = {arXiv:astro-ph/9710221},
 keywords = {INFRARED STARS, GALACTIC HALOS, STAR DISTRIBUTION, GALACTIC STRUCTURE, POINT SOURCES, WOLF-RAYET STARS},
     year = 1998,
    month = jan,
   volume = 115,
    pages = {229},
      doi = {10.1086/300196},
   adsurl = {http://ads.nao.ac.jp/abs/1998AJ....115..229M},
  adsnote = {Provided by the SAO/NASA Astrophysics Data System}
}

@ARTICLE{Sandler-94,
   author = {{Sandler}, D.~G. and {Stahl}, S. and {Angel}, J.~R.~P. and {Lloyd-Hart}, M. and 
	{McCarthy}, D.},
    title = "{Adaptive optics for diffraction-limited infrared imaging with 8-m telescopes.}",
  journal = {Journal of the Optical Society of America A},
 keywords = {Adaptive Optics: Very Large Telescopes},
     year = 1994,
    month = feb,
   volume = 11,
    pages = {925-945},
      doi = {10.1364/JOSAA.11.000925},
   adsurl = {http://ads.nao.ac.jp/abs/1994JOSAA..11..925S},
  adsnote = {Provided by the SAO/NASA Astrophysics Data System}
}

@ARTICLE{Yoshii-87,
   author = {{Yoshii}, Y. and {Ishida}, K. and {Stobie}, R.~S.},
    title = "{Galactic structure towards the North Galactic Pole based on an analysis of UBV star-count data}",
  journal = {\aj},
 keywords = {ASTRONOMICAL MODELS, GALACTIC STRUCTURE, MILKY WAY GALAXY, STAR DISTRIBUTION, UBV SPECTRA, COLOR-MAGNITUDE DIAGRAM, METALLICITY, STELLAR LUMINOSITY, STELLAR SPECTROPHOTOMETRY},
     year = 1987,
    month = feb,
   volume = 93,
    pages = {323-337},
      doi = {10.1086/114317},
   adsurl = {http://ads.nao.ac.jp/abs/1987AJ.....93..323Y},
  adsnote = {Provided by the SAO/NASA Astrophysics Data System}
}

