@ARTICLE{Shibuya2012,
   author = {{Shibuya}, T. and {Kashikawa}, N. and {Ota}, K. and {Iye}, M. and 
	{Ouchi}, M. and {Furusawa}, H. and {Shimasaku}, K. and {Hattori}, T.
	},
    title = "{The First Systematic Survey for Ly{$\alpha$} Emitters at z = 7.3 with Red-sensitive Subaru/Suprime-Cam}",
  journal = {\apj},
archivePrefix = "arXiv",
   eprint = {1112.3997},
 primaryClass = "astro-ph.CO",
 keywords = {cosmology: observations, early Universe, galaxies: formation, galaxies: high-redshift},
     year = 2012,
    month = jun,
   volume = 752,
      eid = {114},
    pages = {114},
      doi = {10.1088/0004-637X/752/2/114},
   adsurl = {http://adsabs.harvard.edu/abs/2012ApJ...752..114S},
  adsnote = {Provided by the SAO/NASA Astrophysics Data System}
}

@ARTICLE{Komatsu2011,
   author = {{Komatsu}, E. and {Smith}, K.~M. and {Dunkley}, J. and {Bennett}, C.~L. and 
	{Gold}, B. and {Hinshaw}, G. and {Jarosik}, N. and {Larson}, D. and 
	{Nolta}, M.~R. and {Page}, L. and {Spergel}, D.~N. and {Halpern}, M. and 
	{Hill}, R.~S. and {Kogut}, A. and {Limon}, M. and {Meyer}, S.~S. and 
	{Odegard}, N. and {Tucker}, G.~S. and {Weiland}, J.~L. and {Wollack}, E. and 
	{Wright}, E.~L.},
    title = "{Seven-year Wilkinson Microwave Anisotropy Probe (WMAP) Observations: Cosmological Interpretation}",
  journal = {\apjs},
archivePrefix = "arXiv",
   eprint = {1001.4538},
 primaryClass = "astro-ph.CO",
 keywords = {cosmic background radiation, cosmology: observations, dark matter, early universe, space vehicles},
     year = 2011,
    month = feb,
   volume = 192,
      eid = {18},
    pages = {18},
      doi = {10.1088/0067-0049/192/2/18},
   adsurl = {http://adsabs.harvard.edu/abs/2011ApJS..192...18K},
  adsnote = {Provided by the SAO/NASA Astrophysics Data System}
}

@ARTICLE{Carilli2010,
   author = {{Carilli}, C.~L. and {Wang}, R. and {Fan}, X. and {Walter}, F. and 
	{Kurk}, J. and {Riechers}, D. and {Wagg}, J. and {Hennawi}, J. and 
	{Jiang}, L. and {Menten}, K.~M. and {Bertoldi}, F. and {Strauss}, M.~A. and 
	{Cox}, P.},
    title = "{Ionization Near Zones Associated with Quasars at z \~{} 6}",
  journal = {\apj},
archivePrefix = "arXiv",
   eprint = {1003.0016},
 primaryClass = "astro-ph.CO",
 keywords = {galaxies: formation, galaxies: high-redshift, large-scale structure of universe, quasars: absorption lines},
     year = 2010,
    month = may,
   volume = 714,
    pages = {834-839},
      doi = {10.1088/0004-637X/714/1/834},
   adsurl = {http://adsabs.harvard.edu/abs/2010ApJ...714..834C},
  adsnote = {Provided by the SAO/NASA Astrophysics Data System}
}

@ARTICLE{Mortlock2011,
   author = {{Mortlock}, D.~J. and {Warren}, S.~J. and {Venemans}, B.~P. and 
	{Patel}, M. and {Hewett}, P.~C. and {McMahon}, R.~G. and {Simpson}, C. and 
	{Theuns}, T. and {Gonz{\'a}les-Solares}, E.~A. and {Adamson}, A. and 
	{Dye}, S. and {Hambly}, N.~C. and {Hirst}, P. and {Irwin}, M.~J. and 
	{Kuiper}, E. and {Lawrence}, A. and {R{\"o}ttgering}, H.~J.~A.
	},
    title = "{A luminous quasar at a redshift of z = 7.085}",
  journal = {\nat},
archivePrefix = "arXiv",
   eprint = {1106.6088},
 primaryClass = "astro-ph.CO",
     year = 2011,
    month = jun,
   volume = 474,
    pages = {616-619},
      doi = {10.1038/nature10159},
   adsurl = {http://adsabs.harvard.edu/abs/2011Natur.474..616M},
  adsnote = {Provided by the SAO/NASA Astrophysics Data System}
}

@ARTICLE{Trac2007,
   author = {{Trac}, H. and {Cen}, R.},
    title = "{Radiative Transfer Simulations of Cosmic Reionization. I. Methodology and Initial Results}",
  journal = {\apj},
   eprint = {arXiv:astro-ph/0612406},
 keywords = {Cosmology: Theory, Galaxies: Formation, Galaxies: Intergalactic Medium, Cosmology: Large-Scale Structure of Universe, Methods: Numerical, Radiative Transfer, Stars: Formation},
     year = 2007,
    month = dec,
   volume = 671,
    pages = {1-13},
      doi = {10.1086/522566},
   adsurl = {http://adsabs.harvard.edu/abs/2007ApJ...671....1T},
  adsnote = {Provided by the SAO/NASA Astrophysics Data System}
}

@ARTICLE{Kashikawa2011,
   author = {{Kashikawa}, N. and {Shimasaku}, K. and {Matsuda}, Y. and {Egami}, E. and 
	{Jiang}, L. and {Nagao}, T. and {Ouchi}, M. and {Malkan}, M.~A. and 
	{Hattori}, T. and {Ota}, K. and {Taniguchi}, Y. and {Okamura}, S. and 
	{Ly}, C. and {Iye}, M. and {Furusawa}, H. and {Shioya}, Y. and 
	{Shibuya}, T. and {Ishizaki}, Y. and {Toshikawa}, J.},
    title = "{Completing the Census of Ly{$\alpha$} Emitters at the Reionization Epoch}",
  journal = {\apj},
archivePrefix = "arXiv",
   eprint = {1104.2330},
 primaryClass = "astro-ph.CO",
 keywords = {cosmology: observations, early universe, galaxies: formation, galaxies: high-redshift},
     year = 2011,
    month = jun,
   volume = 734,
      eid = {119},
    pages = {119},
      doi = {10.1088/0004-637X/734/2/119},
   adsurl = {http://ads.nao.ac.jp/abs/2011ApJ...734..119K},
  adsnote = {Provided by the SAO/NASA Astrophysics Data System}
}

@ARTICLE{Kobayashi2007,
   author = {{Kobayashi}, M.‾A.‾R. and {Totani}, T. and {Nagashima}, M.},
    title = "{Ly{$\alpha$} Emitters in Hierarchical Galaxy Formation}",
  journal = {\apj},
archivePrefix = "arXiv",
   eprint = {0705.4349},
 keywords = {Galaxies: Evolution, Galaxies: Formation, Galaxies: High-Redshift, Methods: Numerical},
     year = 2007,
    month = dec,
   volume = 670,
    pages = {919-927},
      doi = {10.1086/522200},
   adsurl = {http://ads.nao.ac.jp/abs/2007ApJ...670..919K},
  adsnote = {Provided by the SAO/NASA Astrophysics Data System}
}

@ARTICLE{Kobayashi2010,
   author = {{Kobayashi}, M.‾A.‾R. and {Totani}, T. and {Nagashima}, M.},
    title = "{Ly{$\alpha$} Emitters in Hierarchical Galaxy Formation. II. Ultraviolet Continuum Luminosity Function and Equivalent Width Distribution}",
  journal = {\apj},
archivePrefix = "arXiv",
   eprint = {0902.2882},
 primaryClass = "astro-ph.CO",
 keywords = {galaxies: evolution, galaxies: formation, galaxies: high-redshift, methods: numerical},
     year = 2010,
    month = jan,
   volume = 708,
    pages = {1119-1134},
      doi = {10.1088/0004-637X/708/2/1119},
   adsurl = {http://ads.nao.ac.jp/abs/2010ApJ...708.1119K},
  adsnote = {Provided by the SAO/NASA Astrophysics Data System}
}
